% BibTeX database for AFT at i3A

%% bibtexfile{
%%  author	= " ",
%%  version	= "1.0",
%%  date	= "10 April 2003",
%%  filename	= "fuzzy.bib",
%%  adress	= "Fachhochschule Trier
%%		   University of Applied Sciences Trier
%%		   Postfach 1826
%%		   D-54208 Trier
%%		   Germany",
%%  email	= "<i3a.fh-trier.de>" }


% How to use this file within an german document!
%
% - set 'german' as global option to documentclass
%   e.g.: '\documentclass[12pt,a4paper,oneside,german,epsfig]{ai-paper}'
% - use package 'babel': '\usepackage{babel}'
% - use package 'bibgerm': '\usepackage{bibgerm}'
% - use bibstyle 'geralpha', 'gerplain', ...
%   e.g.: '\bibliographystyle{geralpha}'
%
% Within this .bib-file use 'and' to specify more than one author. 
% You have to use only the english abbreviations WITHOUT curly brackets
% for months! e.g.: 'jan', 'feb', 'mar', 'apr', 'mai', 'jun', 'jul',
% 'aug', 'sep', 'oct', 'nov', 'dec'.



% Short explanation of entry types:
%
% Article:          An article from a journal or magazine.
% Book:             A Book with an explicit publisher.
% Booklet:          A work that is printed and bound, but without a 
%                   named publisher or sponsoring institution.
% InBook:           A part of a book which may be a chapter (or section
%                   or whatever) and/or a range of pages.
% InCollection:     A part of a book having ots own title.
% InProceedings:    An article in a conference proceedings.
% Manual:           Technical documentation.
% Mastersthesis:    A Master's thesis.
% Misc:             Use this type when nothing else fits.
% PhDthesis:        A PhD thesis.
% Proceedings:      The proceedings of a conference. See also: inproceedings.
% Techreport:       A report published by a school or other institution, 
%                   usally numbered within a series.
%
% Further Information may be found at www.din1505.informationskompetenz.net



%%%%%%%% article
%%
%% An article from a journal or magazine.
%%
%% Required fields:
%% author, title, journal, year
%%
%% Optional fields:
%% volume, number, pages, month, note


%%%%%%%% book
%%
%% A Book with an explicit publisher.
%%
%% Required fields:
%% author or editor, title, publisher, year
%%
%% Optional fields:
%% volume or number, series, address, edition, month, isbn, note

@book{SCTemassi:01,
	author 		= {{Andrea Tettamanzi} and {Marco Tomassini}},
	title 		= {Soft Computing: Integrating Evolutionary, Neural, and Fuzzy Systems},
	publisher	= {Springer-Verlag Berlin Heidelberg},
	year 		= 2001,
	isbn		= {978-3-642-07583-4}
}

@book{NFMBothe:98,
	author 		= {{Hans-Heinrich Bothe}},
	title 		= {Neuro-Fuzzy-Methoden},
	publisher	= {Springer-Verlag Berlin Heidelberg},
	year 		= 1998,
	isbn		= {978-3-540-57966-3}
}

@book{NFSC:97,
  author	= {{Jyh-Shing Roger Jang} and {Chuen-Tsai Sun} and {Eiji Mizutani}},
  title		= {{Neuro-Fuzzy and Soft Computing: A Computational Approach to Learning and Machine Intelligence}},
  publisher	= {Prentice Hall},
  year		= 1997,
  isbn		= {0-13-261066-3}
}

@book{CIKruse:15,
	author		= {{Rudolf Kruse} and {Christian Borgelt} and {Christian Braune} and {Frank Klawonn} and {Christian Moewes} and {Matthias Steinbrecher}},
	title		= {{Computational Intelligence: Eine methodische Einf{\"u}hrung
in K{\"u}nstliche Neuronale Netze,
Evolution{\"a}re Algorithmen, Fuzzy-Systeme und Bayes-Netze}},
	howpublished = {2., {\"u}berarbeitete und erweiterte Auflage},
	publisher	= {Springer Fachmedien Wiesbaden},
	year		= 2015,
	isbn		= {978-3-658-10903-5}
}

@book{CISCNFI:98,
	author		= {{Okyay Kaynak} and {Lotfi A. Zadeh} and {Burhan Türk?en} and {Imre J. Rudas}},
	title		= {{Computational Intelligence:
Soft Computing
and Fuzzy-Neuro Integration
with Applications}},
	howpublished = {Softcover reprint of the hardcover 1st edition 1998},
	publisher	= {Springer-Verlag Berlin Heidelberg},
	year		= 1998,
	isbn		= {978-3-642-63796-4}
}

@misc{UNIMAG:97,
	author={{Andreas Nürnberger}, {Detlef Nauck} and {Rudolf Kruse} },
	title={{Neuro-Fuzzy Control Based on the NEFCON-Model Under MATLAB/SIMULINK}},
	url={http://wwwiti.cs.uni-magdeburg.de/~nuernb/wsc2/},
	note={\\ {\url{http://wwwiti.cs.uni-magdeburg.de/~nuernb/wsc2/}}}
}

@misc{GEHIRN:12,
	author={{Leonie Seng} und {Prof. Dr. Oliver von Bohlen und Halbach}},
	title={{Zellen: spezialisierte Arbeiter des Gehirns}},
	url={https://www.dasgehirn.info/grundlagen/kommunikation-der-zellen/zellen-spezialisierte-arbeiter-des-gehirns},
	note={\\ {\url{https://www.dasgehirn.info/grundlagen/kommunikation-der-zellen
	/zellen-spezialisierte-arbeiter-des-gehirns}}}
}

@misc{NWIKI:19,
	author={Wikipedia},
	title={{Nervenzelle}},
	url={https://de.wikipedia.org/wiki/Nervenzelle},
	note={\\ {\url{https://de.wikipedia.org/wiki/Nervenzelle}}}
}

@techreport{Jang:93,
	author	= {Jyh-Shing Roger Jang},
	title		= {{ANFIS: Adaptive-Network-Based Fuzzy Inference System}},
	year		= 1993,
	month		= June,
	institution	= {University of California}
}

@misc{SBMB:19,
	author={Sushant Patrikar},
	title={Batch, Mini Batch & Stochastic Gradient Descent},
	url={https://towardsdatascience.com/batch-mini-batch-stochastic-gradient-descent-7a62ecba642a},
	note={\\{\url{https://towardsdatascience.com/batch-mini-batch-stochastic-gradient-descent-7a62ecba642a}}}
}

%%%%%%%% booklet
%%
%% A work that is printed and bound, but without a named publisher or
%% sponsoring institution.
%%
%% Required fields:
%% title
%%
%% Optional fields:
%% author, howpublished, address, month, year, note



%%%%%%%% inbook
%%
%% A part of a book which may be a chapter (or section or whatever) and/or 
%% a range of pages.
%%
%% Required fields:
%% author or editor, title, chapter and/or pages, publisher, year
%%
%% Optional fields:
%% volume or number, series, type, address, edition, month, note



%%%%%%%% incollection
%%
%% A part of a book having its own title.
%%
%% Required fields:
%% author, title, booktitle, publisher, year
%%
%% Optional fields:
%% editor, volume or number, series, type, chapter, pages, address, 
%% edition, month, note




%%%%%%%% inproceedings
%%
%% An article in a conference preceedings.
%%
%% Required fields:
%% author, title, booktitle, year
%%
%% Optional fields:
%% editor, volume or number, series, pages, address, month, organization, 
%% publisher, note

misc{Cheriton:85,
    author	= {David R. Cheriton},
    title	= {
    {Preliminary Thoughts on Problem-oriented Shared Memory: A Decentralized Approach to Distributed Systems}
    },
    editor      = {ACM Operating Systems Review},
    organization= {Stanford University},
    year	= 1985,
    number      = {4, Vol. 19},
    pages	= {26-33}
}

%%%%%%%% manual
%%
%% Technical documentation.
%%
%% Required fields:
%% title
%%
%% Optional fields:
%% author, editor, organization, address, edition, month, year, note

%%%%%%%% mastersthesis
%%
%% A Master's thesis.
%%
%% Required fields:
%% author, title, school, year
%%
%% Optional fields:
%% type, address, month, note


mastersthesis{Gottwald:03,
    author      = {Tim Gottwald and Rainer Oechsle},
    title       = {
    {DisASTer (Distributed Algorithms Simulation Terrain) A Platform for the Implementation of Distributed Algorithms}
    },
    school      = {Fachhochschule Trier Fachbereich Angewandte Informatik},
    year        = 2003,
    type	= {Diplomarbeit}
}

mastersthesis{Weinhold:03,
    author      = {Jens-Ole Weinhold and Andreas Meister},
    title       = {
    {Effiziente Lösung restrigierter Least-Squares-Probleme zur Parameteroptimierung in TSK-Fuzzy-Systemen}
    },
    school      = {Universität zu Lübeck},
    year        = 2003,
    type	= {Diplomarbeit}
}
%%%%%%%% misc
%%
%% Use this type when nothing else fits.
%%
%% Required fields:
%% none.
%%
%% Optional fields:
%% author, title, url, month, year, note

misc{Wikipedia:00,
	title={{Wikipedia - Online Lexikon}},
	url={de.wikipedia.org/wiki/Speicherseite},
	note={\\ {\url{de.wikipedia.org/wiki/Speicherseite}}}
}

misc{Zeller:03,
	author	={Andreas Zeller},
	title		= {{Software-Metriken}},
	url			={www.st.cs.uni-sb.de/edu/se/2003/metriken.pdf},
	note		={Lehrstuhl Softwaretechnik, Universität des Saarlandes, Saarbrücken
						\\ \url{http://www.st.cs.uni-sb.de/edu/se/2003/metriken.pdf}},
	year		={2003}
}


misc{Janko:04,
	author	={Wolfgang H. Janko and Stefan Koch},
	title		={{Informationswirtschaft 3, Software-Metriken}},
	url			={wwwai.wu-wien.ac.at/~koch/lehre/inf-wirt-3-pi-ws-05/metriken.pdf},
	note		={Institut für Informationsverarbeitung und Informationswirtschaft,
Wirtschaftsuniversität Wien
						\\
\url{http://wwwai.wu-wien.ac.at/~koch/lehre/inf-wirt-3-pi-ws-05/metriken.pdf}},
	year		={2004}
}



%%%%%%%% phdthesis
%%
%% A PhD thesis.
%%
%% Required fields:
%% author, title, school, year
%% 
%% Optional fields:
%% type, address, month, note

%%%%%%%% proceedings
%%
%% The proceedings of a conference. See also: inproceedings.
%%
%% Required fields:
%% title, year
%%
%% Optional fields:
%% editor, volume or number, series, address, month, organization, publisher, note

%%%%%%%% techreport
%%
%% A report published by a school or other institution, usally 
%% numbered within a series.
%%
%% Required fields:
%% author, title, institution, year
%%
%% Optional fields:
%% type, number, address, month, note


techreport{Mosberger:93,
  author	= {David Mosberger},
  title		= {{Memory Consistency Models}},
  year		= 1993,
  month		= Nov,
  type		= {Technical Report 93/11},
  institution	= {University of Arizona}
}

techreport{Malte:97,
  author	= {Peter Malte},
  title		= {{Replikation in Mobil Computing}},
  institution	= {Institut f{\"u}r Telematik der Universit{\"a}t Karlsruhe},
  year		= 1997,
  type		= {Seminar},
  address	= {Karsruhe},
  number	= {No 31/1997},
  url		= {http://www.ubka.uni-karlsruhe.de/cgi-bin/psview?document=/ira/1997/31},
  note={\\{\url{http://www.ubka.uni-karlsruhe.de/cgi-bin/psview?document=/ira/1997/31}}}
}

techreport{Moser:97,
  author	= {Boris Moser},
  title		= {{Memory Consistency Modelle}},
  institution	= {Institut f{\"u}r Telematik der Universit{\"a}t Karlsruhe},
  year		= 1997,
  type		= {Seminar},
  address	= {Karsruhe},
  number	= {No 31/1997},
  url		= {http://www.ubka.uni-karlsruhe.de/cgi-bin/psview?document=/ira/1997/31},
  note={\\ {\url{http://www.ubka.uni-karlsruhe.de/cgi-bin/psview?document=/ira/1997/31}}}
}

techreport{Bastian:02,
  author	= {Peter Bastian},
  title		= {{Paralleles Rechnen}},
  year		= 2002,
  type		= {Vorlesungsskript},
  institution	= {Uni Heidelberg},
  url		= {http://hal.iwr.uni-heidelberg.de/~peter/Papers/pr1.pdf},
  note={\\ {\url{http://hal.iwr.uni-heidelberg.de/~peter/Papers/pr1.pdf}}}
}

techreport{Becker:01,
  author	= {Christoph Becker},
  title		= {{Rechenorganisation der AG Betriebssysteme}},
  type		= {Proseminar},
  year		= 2001,  
  institution	= {Uni Magdeburg},
  url		= {http://ivs.cs.uni-magdeburg.de/bs/lehre/wise0001/proro/sm.html},
  note={\\ {\url{http://ivs.cs.uni-magdeburg.de/bs/lehre/wise0001/proro/sm.html}}}
}

techreport{Nguyen:03,
  author	= {Van-Phai Nguyen},
  title		= {{Fenite Elemente Methode}},
  year		= 2003,
  type		= {Vorlesungsskript},
  institution	= {FH-Trier}
  }
techreport{Schmitz:05,
  author	= {Heinz Schmitz},
  title		= {{Optimierungsprobleme und Approximation}},
  year		= 2005,
  type		= {Vorlesungsskript},
  institution	= {FH-Trier}
}